
% BibTeX Entries
@book{Oauth:2013,
 author               = {{Google, Inc}},
 title                = {Google Identity Platform},
 publisher            = {https://developers.google.com/accounts/docs/OAuth2},
 year                 = {2013},
 }
 
@book{Scope:2013,
 author               = {{Google, Inc}},
 title                = {Google+ Platform},
 publisher            = {https://developers.google.com/+/api/oauth},
 year                 = {2013},
 }

@book{Markguide:2015,
 author               = {Arpit Kumar},
 title                = {Markdown Guide},
 publisher            = {Self-published},
 year                 = {2015},
 }
 
@book{Markdown:2015,
 author               = {{GitHub, Inc}},
 title                = {GitHub Flavored Markdown},
 publisher            = {https://help.github.com/articles/github-flavored-markdown/},
 year                 = {2015},
 }
 
@book{Strapdownjs:2014,
 author               = {Arthur Adib},
 title                = {Strapdown.js - Instant and elegant Markdown documents},
 publisher            = {http://strapdownjs.com/},
 year                 = {2014},
 }
 
@book{Zurb:2015,
 author               = {{ZURB, Inc}},
 title                = {Foundation Documentation},
 publisher            = {http://foundation.zurb.com/docs/},
 year                 = {2015},
 }
 
 @book{Ftis:2014,
 author               = {Cecilia Esti Nugraheni and Livia Owen and Farica Edgina Yosafat and Luciana Abednego and Pranyono Teguh Imanto and Thomas Anung Basuki},
 title                = {Petunjuk Pelaksanaan Kegiatan Akademik Tahun 2014/2015},
 publisher            = {Falkutas Teknologi Informasi dan Sains (FTIS)},
 year                 = {2014},
 }
 
 @book{Lib:2015,
 author               = {{Google, Inc}},
 title                = {API Client Library for PHP},
 publisher            = {https://developers.google.com/api-client-library/php/start/get_started},
 year                 = {2015},
 }